% Dummy reference
@online{wiki-tsp,
  author    = "Wikipedia",
  title     = "Problème du voyageur de commerce",
  url       = {https://fr.wikipedia.org/wiki/Probl%C3%A8me_du_voyageur_de_commerce},
  note      = "[Consulté le 15 Décembre 2023]",
}

@article{zambito2006tsp,
  author    = {Leonardo Zambito},
  title     = {The Traveling Salesman Problem: A Comprehensive Survey},
  year      = {2006},
  note      = {Submitted as a project for CSE 4080, Fall 2006},
}

